{"btc_usd":[{"type":"bid","price":61887.61978,"amount":0.00016126,"tid":205172898,"timestamp":1637502949},{"type":"bid","price":61887.61979,"amount":0.00036354,"tid":205172897,"timestamp":1637502944},{"type":"ask","price":61651.49363685,"amount":0.00020571,"tid":205172896,"timestamp":1637502320},{"type":"bid","price":61651.49363685,"amount":0.00005381,"tid":205172895,"timestamp":1637502317},{"type":"bid","price":61651.49363685,"amount":0.0001398,"tid":205172894,"timestamp":1637502263},{"type":"bid","price":61538.87705046,"amount":0.00003926,"tid":205172893,"timestamp":1637502229},{"type":"ask","price":61485,"amount":0.00356659,"tid":205172892,"timestamp":1637502024},{"type":"ask","price":61492.4521839,"amount":0.00010238,"tid":205172891,"timestamp":1637502024},{"type":"ask","price":61578.53123958,"amount":0.00015435,"tid":205172890,"timestamp":1637502007},{"type":"ask","price":61578.53123958,"amount":0.00020251,"tid":205172889,"timestamp":1637502002},{"type":"ask","price":61578.53123958,"amount":0.00016292,"tid":205172888,"timestamp":1637501790},{"type":"ask","price":61578.53123958,"amount":0.00016292,"tid":205172887,"timestamp":1637501785},{"type":"ask","price":61578.53123958,"amount":0.00016292,"tid":205172886,"timestamp":1637501781},{"type":"bid","price":61887.61984,"amount":0.00018457,"tid":205172885,"timestamp":1637498871},{"type":"bid","price":61887.61984,"amount":0.00017172,"tid":205172884,"timestamp":1637498869},{"type":"ask","price":61577.79230607,"amount":0.00016421,"tid":205172883,"timestamp":1637498649},{"type":"bid","price":61887.61987,"amount":0.00084505,"tid":205172882,"timestamp":1637498179},{"type":"ask","price":61485.00015,"amount":0.00080128,"tid":205172881,"timestamp":1637498114},{"type":"bid","price":61887.6199,"amount":0.00314837,"tid":205172880,"timestamp":1637497838},{"type":"bid","price":61887.6199,"amount":0.00166724,"tid":205172879,"timestamp":1637497834},{"type":"bid","price":61887.6199,"amount":0.00802432,"tid":205172878,"timestamp":1637497831},{"type":"bid","price":61887.61886998,"amount":0.00010022,"tid":205172877,"timestamp":1637497831},{"type":"bid","price":61841.9834016,"amount":0.00010022,"tid":205172876,"timestamp":1637497831},{"type":"bid","price":61800,"amount":0.0001,"tid":205172875,"timestamp":1637497831},{"type":"bid","price":61772.99943121,"amount":0.00010022,"tid":205172874,"timestamp":1637497831},{"type":"bid","price":61700,"amount":0.0001,"tid":205172873,"timestamp":1637497831},{"type":"ask","price":61567.37597844,"amount":0.00016278,"tid":205172872,"timestamp":1637497162},{"type":"ask","price":61567.37596844,"amount":0.00016278,"tid":205172871,"timestamp":1637497157},{"type":"bid","price":61567.37595844,"amount":0.00016278,"tid":205172870,"timestamp":1637497152},{"type":"ask","price":61567.37595844,"amount":0.00016278,"tid":205172869,"timestamp":1637497146},{"type":"bid","price":61567.37594844,"amount":0.00016278,"tid":205172868,"timestamp":1637497142},{"type":"bid","price":61600,"amount":0.0001,"tid":205172867,"timestamp":1637496367},{"type":"ask","price":61200.00238,"amount":0.00106292,"tid":205172866,"timestamp":1637496284},{"type":"bid","price":61500,"amount":0.0001,"tid":205172865,"timestamp":1637495941},{"type":"bid","price":61400,"amount":0.0001,"tid":205172864,"timestamp":1637495941},{"type":"bid","price":61300,"amount":0.0001,"tid":205172863,"timestamp":1637495941},{"type":"ask","price":61538.01901173,"amount":0.00002935,"tid":205172862,"timestamp":1637495387},{"type":"ask","price":61538.01901173,"amount":0.00035837,"tid":205172861,"timestamp":1637495377},{"type":"ask","price":61772.9989,"amount":0.0031637,"tid":205172860,"timestamp":1637493651},{"type":"ask","price":61772.99896296,"amount":0.00008299,"tid":205172859,"timestamp":1637493651},{"type":"ask","price":61772.99896296,"amount":0.00041679,"tid":205172858,"timestamp":1637493646},{"type":"ask","price":61772.99896297,"amount":0.0003539,"tid":205172857,"timestamp":1637493646},{"type":"bid","price":61772.99896296,"amount":0.00010022,"tid":205172856,"timestamp":1637493115},{"type":"bid","price":61740,"amount":0.000069,"tid":205172855,"timestamp":1637493102},{"type":"bid","price":61740,"amount":0.0005287,"tid":205172854,"timestamp":1637492497},{"type":"bid","price":61739.99852408,"amount":0.00010197,"tid":205172853,"timestamp":1637492497},{"type":"bid","price":61739.99941408,"amount":0.012,"tid":205172852,"timestamp":1637491893},{"type":"ask","price":61736.99943836,"amount":0.00000593,"tid":205172851,"timestamp":1637491197},{"type":"ask","price":61736.99943836,"amount":0.00014222,"tid":205172850,"timestamp":1637491080},{"type":"ask","price":61200.00001,"amount":0.00015,"tid":205172849,"timestamp":1637490962},{"type":"bid","price":61716.99939836,"amount":0.0001481,"tid":205172848,"timestamp":1637490957},{"type":"bid","price":61200.00001,"amount":0.00015,"tid":205172847,"timestamp":1637490944},{"type":"ask","price":61736.99943836,"amount":0.00005931,"tid":205172846,"timestamp":1637490934},{"type":"bid","price":61736.99943836,"amount":0.0000888,"tid":205172845,"timestamp":1637490929},{"type":"ask","price":61200.00001,"amount":0.00015,"tid":205172844,"timestamp":1637490891},{"type":"bid","price":61736.99943836,"amount":0.00010574,"tid":205172843,"timestamp":1637490850},{"type":"bid","price":61736.99943836,"amount":0.00010022,"tid":205172842,"timestamp":1637490850},{"type":"ask","price":61200.00001,"amount":0.0001086,"tid":205172841,"timestamp":1637490842},{"type":"ask","price":61200.00001,"amount":0.0001,"tid":205172840,"timestamp":1637490799},{"type":"ask","price":61200.00001,"amount":0.00020229,"tid":205172839,"timestamp":1637490500},{"type":"ask","price":61214.47144079,"amount":0.00012372,"tid":205172838,"timestamp":1637490500},{"type":"bid","price":61739.99992,"amount":0.00035967,"tid":205172837,"timestamp":1637490494},{"type":"bid","price":61720.99999,"amount":0.00014856,"tid":205172836,"timestamp":1637489947},{"type":"bid","price":61745.99997,"amount":0.00019771,"tid":205172835,"timestamp":1637489454},{"type":"bid","price":61215,"amount":0.0001188,"tid":205172834,"timestamp":1637489454},{"type":"bid","price":61215,"amount":0.00015843,"tid":205172833,"timestamp":1637489454},{"type":"bid","price":61215,"amount":0.00047322,"tid":205172832,"timestamp":1637489440},{"type":"bid","price":61215,"amount":0.00041435,"tid":205172831,"timestamp":1637489438},{"type":"bid","price":61215,"amount":0.00012474,"tid":205172830,"timestamp":1637489437},{"type":"ask","price":61215,"amount":0.00012474,"tid":205172829,"timestamp":1637489436},{"type":"bid","price":61784,"amount":0.00170821,"tid":205172828,"timestamp":1637489167},{"type":"ask","price":61789.99999,"amount":0.00012053,"tid":205172827,"timestamp":1637488916},{"type":"ask","price":61789.99999,"amount":0.00024947,"tid":205172826,"timestamp":1637488914},{"type":"ask","price":61370.69014497,"amount":0.00048194,"tid":205172825,"timestamp":1637488853},{"type":"bid","price":61800,"amount":0.00035586,"tid":205172824,"timestamp":1637488783},{"type":"ask","price":61370.69014497,"amount":0.00020911,"tid":205172823,"timestamp":1637488625},{"type":"ask","price":61370.69015497,"amount":0.00016261,"tid":205172822,"timestamp":1637488624},{"type":"bid","price":61756,"amount":0.00013196,"tid":205172821,"timestamp":1637488341},{"type":"bid","price":61781.11937292,"amount":0.00146904,"tid":205172820,"timestamp":1637488177},{"type":"bid","price":61502.54875302,"amount":0.00020696,"tid":205172819,"timestamp":1637488177},{"type":"ask","price":61370.69014497,"amount":0.0003,"tid":205172818,"timestamp":1637487345},{"type":"ask","price":61370.69015497,"amount":0.00079734,"tid":205172817,"timestamp":1637486972},{"type":"ask","price":61370.69015497,"amount":0.0005255,"tid":205172816,"timestamp":1637486965},{"type":"ask","price":61370.69015497,"amount":0.00038456,"tid":205172815,"timestamp":1637486963},{"type":"bid","price":61370.69014497,"amount":0.00000799,"tid":205172814,"timestamp":1637486583},{"type":"bid","price":61370.69014497,"amount":0.00014445,"tid":205172813,"timestamp":1637485531},{"type":"ask","price":61200.00001,"amount":0.0028827,"tid":205172812,"timestamp":1637485408},{"type":"ask","price":61200.00001,"amount":0.00010426,"tid":205172811,"timestamp":1637485404},{"type":"ask","price":61228.10677277,"amount":0.00000042,"tid":205172810,"timestamp":1637485404},{"type":"bid","price":61734.83524486,"amount":0.00000348,"tid":205172809,"timestamp":1637485375},{"type":"bid","price":61734.8346902,"amount":0.00010022,"tid":205172808,"timestamp":1637485375},{"type":"bid","price":61887.61797,"amount":0.00002739,"tid":205172807,"timestamp":1637484728},{"type":"bid","price":61800,"amount":0.00007552,"tid":205172806,"timestamp":1637484728},{"type":"ask","price":61228.10677277,"amount":0.00010282,"tid":205172805,"timestamp":1637484583},{"type":"bid","price":61800,"amount":0.0001956,"tid":205172804,"timestamp":1637484525},{"type":"bid","price":61887.61971,"amount":0.00020491,"tid":205172803,"timestamp":1637483864},{"type":"ask","price":61271.48270138,"amount":0.00011254,"tid":205172802,"timestamp":1637483693},{"type":"ask","price":61654.35183147,"amount":0.00004884,"tid":205172801,"timestamp":1637483693},{"type":"ask","price":61654.35183147,"amount":0.00030271,"tid":205172800,"timestamp":1637481323},{"type":"ask","price":61729.19794056,"amount":0.00046903,"tid":205172799,"timestamp":1637481323},{"type":"bid","price":61887.61995,"amount":0.00971973,"tid":205172798,"timestamp":1637481055},{"type":"bid","price":61307.32585938,"amount":0.00028027,"tid":205172797,"timestamp":1637481055},{"type":"ask","price":61450.00141281,"amount":0.0003335,"tid":205172796,"timestamp":1637480560},{"type":"ask","price":61450.00141281,"amount":0.0016,"tid":205172795,"timestamp":1637480526},{"type":"ask","price":61450.00141281,"amount":0.0010425,"tid":205172794,"timestamp":1637480331},{"type":"ask","price":61450.00142281,"amount":0.00547879,"tid":205172793,"timestamp":1637480269},{"type":"ask","price":61900,"amount":0.00065027,"tid":205172792,"timestamp":1637479970},{"type":"ask","price":61900,"amount":0.00053789,"tid":205172791,"timestamp":1637479968},{"type":"bid","price":61900,"amount":0.0001,"tid":205172790,"timestamp":1637479965},{"type":"ask","price":61450.00142281,"amount":0.0023099,"tid":205172789,"timestamp":1637479449},{"type":"ask","price":61450.00142281,"amount":0.00010302,"tid":205172788,"timestamp":1637479449},{"type":"bid","price":61899.99998,"amount":0.00047076,"tid":205172787,"timestamp":1637478619},{"type":"bid","price":61579.53849358,"amount":0.00019807,"tid":205172786,"timestamp":1637478619},{"type":"bid","price":61579.53849358,"amount":0.00154652,"tid":205172785,"timestamp":1637478619},{"type":"ask","price":61450.00142281,"amount":0.00096538,"tid":205172784,"timestamp":1637478339},{"type":"ask","price":61555.16951546,"amount":0.00072693,"tid":205172783,"timestamp":1637478339},{"type":"bid","price":61579.53849358,"amount":0.00010576,"tid":205172782,"timestamp":1637478235},{"type":"bid","price":61579.53849358,"amount":0.00075945,"tid":205172781,"timestamp":1637477994},{"type":"bid","price":61579.53849358,"amount":0.00057303,"tid":205172780,"timestamp":1637477992},{"type":"bid","price":61579.53849358,"amount":0.00016174,"tid":205172779,"timestamp":1637477415},{"type":"bid","price":61579.53849358,"amount":0.00040415,"tid":205172778,"timestamp":1637476555},{"type":"ask","price":61450.00142281,"amount":0.00081366,"tid":205172777,"timestamp":1637476504},{"type":"bid","price":61579.53849358,"amount":0.00011575,"tid":205172776,"timestamp":1637476477},{"type":"bid","price":61579.53849358,"amount":0.0001327,"tid":205172775,"timestamp":1637476461},{"type":"bid","price":61579.53849358,"amount":0.00005526,"tid":205172774,"timestamp":1637476461},{"type":"bid","price":61579.53849358,"amount":0.00028082,"tid":205172773,"timestamp":1637476457},{"type":"ask","price":61523.66733465,"amount":0.00200883,"tid":205172772,"timestamp":1637475038},{"type":"ask","price":61523.66733465,"amount":0.0149456,"tid":205172771,"timestamp":1637475037},{"type":"bid","price":61887.43618604,"amount":0.00043338,"tid":205172770,"timestamp":1637473304},{"type":"bid","price":61887.43618604,"amount":0.00080791,"tid":205172769,"timestamp":1637473089},{"type":"bid","price":61887.43642604,"amount":0.00010136,"tid":205172768,"timestamp":1637472666},{"type":"bid","price":61887.43646604,"amount":0.00010136,"tid":205172767,"timestamp":1637472645},{"type":"ask","price":61485,"amount":0.00014811,"tid":205172766,"timestamp":1637472324},{"type":"ask","price":62040.68970445,"amount":0.00047296,"tid":205172765,"timestamp":1637466938},{"type":"bid","price":62040.68970444,"amount":0.00014746,"tid":205172764,"timestamp":1637466934},{"type":"bid","price":61940.95837166,"amount":0.00016112,"tid":205172763,"timestamp":1637466771},{"type":"bid","price":61634.66971452,"amount":0.00337972,"tid":205172762,"timestamp":1637466666},{"type":"ask","price":61654.66971452,"amount":0.00010197,"tid":205172761,"timestamp":1637466665},{"type":"bid","price":62212.81249151,"amount":0.00014951,"tid":205172760,"timestamp":1637465746},{"type":"ask","price":61874.12614576,"amount":0.00046905,"tid":205172759,"timestamp":1637462690},{"type":"ask","price":61874.12614577,"amount":0.00017441,"tid":205172758,"timestamp":1637462690},{"type":"bid","price":61968.13683432,"amount":0.00047683,"tid":205172757,"timestamp":1637462654},{"type":"bid","price":61696.38610062,"amount":0.00244694,"tid":205172756,"timestamp":1637462496},{"type":"ask","price":61705.05807242,"amount":0.00012372,"tid":205172755,"timestamp":1637462496},{"type":"ask","price":61710.99749589,"amount":0.00012372,"tid":205172754,"timestamp":1637462496},{"type":"ask","price":61716.38576061,"amount":0.00012372,"tid":205172753,"timestamp":1637462496},{"type":"ask","price":61716.38610062,"amount":0.00012372,"tid":205172752,"timestamp":1637462496},{"type":"ask","price":62048.68644224,"amount":0.0001018,"tid":205172751,"timestamp":1637461953},{"type":"ask","price":62150.00000001,"amount":0.00049772,"tid":205172750,"timestamp":1637461507},{"type":"bid","price":62389.89956,"amount":0.00025947,"tid":205172749,"timestamp":1637461373}]}